%% This BibTeX bibliography file was created using BibDesk.
%% http://bibdesk.sourceforge.net/


%% Created for Kevin Leung at 2011-10-27 17:59:17 -0700 


%% Saved with string encoding Unicode (UTF-8) 



@inproceedings{goerlitz,
	Address = {Tampa Bay, USA},
	Author = {G\"orlitz, Olaf and Sizov, Sergej and Staab, Steffen},
	Booktitle = {Proceedings of the Seventh International Workshop on Peer-to-Peer Systems, IPTPS},
	Date-Modified = {2011-10-27 17:59:17 -0700},
	Month = {2},
	Title = {PINTS: Peer-to-Peer Infrastructure for Tagging Systems},
	Url = {https://www.uni-koblenz.de/~goerlitz/publications/IPTPS2008-PINTS.pdf},
	Year = {2008},
	Bdsk-Url-1 = {https://www.uni-koblenz.de/~goerlitz/publications/IPTPS2008-PINTS.pdf}}

@inproceedings{wetzker,
	Author = {Robert Wetzker and Carsten Zimmermann and Christian Bauckhage},
	Booktitle = {Mining Social Data (MSoDa) Workshop Proceedings},
	Date-Added = {2011-10-27 17:49:50 -0700},
	Date-Modified = {2011-10-27 17:50:44 -0700},
	Pages = {26-30},
	Title = {Analyzing social bookmarking systems: A del.icio.us cookbook},
	Year = {2008}}

@inproceedings{gruhl,
	Author = {D. Gruhl and R. Guha and David Liben-Nowell and A. Tomkins},
	Booktitle = {SIGKDD Explorations},
	Date-Added = {2011-10-27 17:43:41 -0700},
	Date-Modified = {2011-10-27 17:45:14 -0700},
	Pages = {43-52},
	Title = {Infomation Diffusion Through Blogspace},
	Volume = {6},
	Year = {2004}}

@inproceedings{bursty-original,
	Author = {Jon Kleinberg},
	Booktitle = {Proc. 8th ACM SIGKDD Intl. Conf. on Knowledge Discovery and Data Mining},
	Date-Added = {2011-10-27 17:37:07 -0700},
	Date-Modified = {2011-10-27 17:37:50 -0700},
	Title = {Bursty and hierarchical structure in streams},
	Year = {2002}}

@inproceedings{cascade,
	Author = {Jure Leskovec and Mary McGlohon and Christos Faloutsos and Natalie Glance and Matthew Hurst},
	Booktitle = {Proc. SIAM International Conference on Data Mining},
	Date-Added = {2011-10-27 17:16:16 -0700},
	Date-Modified = {2011-10-27 17:29:23 -0700},
	Title = {Cascading Behavior in Large Blog Graphs},
	Year = {2007}}

@article{bursty,
	Author = {Ravi Kumar and Jasmine Novak and Prabhakar Raghavan and Andrew Tomkins},
	Date-Added = {2011-10-27 17:15:28 -0700},
	Date-Modified = {2011-10-27 17:28:44 -0700},
	Journal = {WWW '03},
	Pages = {568-576},
	Title = {On the bursty evolution of blogspace},
	Year = {2003}}

@article{egypt,
	Author = {Navid Hassanpour},
	Date-Added = {2011-10-27 17:08:43 -0700},
	Date-Modified = {2011-10-27 17:11:15 -0700},
	Journal = {APSA 2011 Annual Meeting Paper},
	Title = {Media Disruption Exacerbates Revolutionary Unrest: Evidence from Mubarak's Natural Experiment},
	Year = {2011}}

@article{big-idea,
	Author = {Neal Gabler},
	Date-Added = {2011-10-27 17:01:54 -0700},
	Date-Modified = {2011-10-27 17:08:32 -0700},
	Journal = {The New York Times},
	Pages = {SR1},
	Title = {The Elusive Big Idea},
	Year = {2011}}
